% Encoding: UTF-8

@Article{hat,
  author = {The derpster},
  title =  {About derping in the 21th Century},
  year =   {2019}
}
