% Encoding: UTF-8

@Article{hat,
  author =    {SIMON, R and PRIEFER, U and PÃ¼hler, Alfred},
  title =     {{A BROAD HOST RANGE MOBILIZATION SYSTEM FOR INVIVO GENETIC-ENGINEERING - TRANSPOSON MUTAGENESIS IN GRAM-NEGATIVE BACTERIA}},
  journal =   {BIO-TECHNOLOGY},
  year =      {1983},
  volume =    {1},
  number =    {9},
  doi =       {10.1038/nbt1183-784},
  publisher = {NATURE PUBLISHING CO}
}
